<record><leader>00000cas a22000007a 4500</leader><controlfield tag="001">14185670</controlfield><controlfield tag="008">860905d18111827pauwr ne      0    0eng d</controlfield><datafield ind1=" " ind2=" " tag="010"><subfield code="a">sn 86081775 </subfield></datafield><datafield ind1=" " ind2=" " tag="040"><subfield code="a">NPH</subfield><subfield code="b">eng</subfield><subfield code="c">NPH</subfield><subfield code="d">NPX</subfield><subfield code="d">NPH</subfield><subfield code="d">CNK</subfield><subfield code="d">OCLCQ</subfield></datafield><datafield ind1=" " ind2=" " tag="042"><subfield code="a">msc</subfield></datafield><datafield ind1="0" ind2=" " tag="130"><subfield code="a">Western press (Mercer, Pa. : 1811)</subfield></datafield><datafield ind1="1" ind2="4" tag="245"><subfield code="a">The western press.</subfield></datafield><datafield ind1=" " ind2=" " tag="260"><subfield code="a">Mercer, Pa. :</subfield><subfield code="b">[Jacob Herrington]</subfield></datafield><datafield ind1=" " ind2=" " tag="300"><subfield code="a">v. ;</subfield><subfield code="c">45 cm.</subfield></datafield><datafield ind1=" " ind2=" " tag="310"><subfield code="a">Weekly</subfield></datafield><datafield ind1="1" ind2=" " tag="362"><subfield code="a">Began with Mar. 27, 1811 issue.</subfield></datafield><datafield ind1="1" ind2=" " tag="362"><subfield code="a">Ceased in 1827.</subfield><subfield code="z">Cf. Rossell, G.E. Pa. newspapers.</subfield></datafield><datafield ind1=" " ind2=" " tag="500"><subfield code="a">Publisher's name recorded in Apr. 8, 1812 issue.</subfield></datafield><datafield ind1=" " ind2=" " tag="500"><subfield code="a">Publishers: Jacob Herrington, &lt;1812-1819&gt;; Jacob Herrington &amp; Richard Hill, &lt;1823&gt;.</subfield></datafield><datafield ind1=" " ind2=" " tag="500"><subfield code="a">Occasional supplements.</subfield></datafield><datafield ind1="4" ind2=" " tag="510"><subfield code="a">Shaw &amp; Shoemaker</subfield><subfield code="c">24425</subfield></datafield><datafield ind1="4" ind2=" " tag="510"><subfield code="a">Brigham, C.S. Amer. newspapers,</subfield><subfield code="c">p. 880</subfield></datafield><datafield ind1=" " ind2=" " tag="588"><subfield code="a">Description based on: Vol. 1, no. 18 (July 3, 1811).</subfield></datafield><datafield ind1="1" ind2=" " tag="700"><subfield code="a">Herrington, Jacob.</subfield></datafield><datafield ind1=" " ind2=" " tag="752"><subfield code="a">United States</subfield><subfield code="b">Pennsylvania</subfield><subfield code="c">Mercer</subfield><subfield code="d">Mercer.</subfield></datafield><datafield ind1="0" ind2="7" tag="785"><subfield code="t">Mercer gazette</subfield><subfield code="w">(DLC)sn 86071935</subfield></datafield><datafield ind1="0" ind2="7" tag="785"><subfield code="t">Western press and Mercer County gazette</subfield><subfield code="w">(DLC)sn 87080551</subfield></datafield><datafield ind1="1" ind2=" " tag="029"><subfield code="a">AU@</subfield><subfield code="b">000025817494</subfield></datafield></record>